
%% Created for Karnes Kim at 2007-08-06 18:15:44 +0900 


%% Saved with string encoding Unicode (UTF-8) 



@article{Thanh:2001,
	Author = {Hàn Thế Thành},
	Date-Added = {2007-08-04 15:28:16 +0900},
	Date-Modified = {2007-08-04 15:29:07 +0900},
	Journal = {TUGboat},
	Number = {3},
	Title = {Margin Kerning and Font Expansion with pdf{\TeX}},
	Volume = {22},
	Year = {2001}}

@phdthesis{Thanh:2000,
	Author = {Hàn Thế Thành},
	Date-Added = {2007-08-04 15:26:06 +0900},
	Date-Modified = {2007-08-04 15:28:00 +0900},
	School = {Masaryk University},
	Title = {Micro-typographic extensions to the {\TeX} typesetting system},
	Url = {http://www.pragma-ade.com/pdftex/thesis.pdf},
	Year = {2000}}

@article{HongYP91,
	Author = {{홍윤표} and {이기문} and {김충희} and {박성종} and {정진상} and {김병선} and {김홍배}},
	Date-Added = {2007-08-04 15:23:41 +0900},
	Date-Modified = {2007-08-04 15:25:06 +0900},
	Journal = {한국어전산학},
	Month = {8},
	Title = {한글 옛글자의 컴퓨터 처리방안에 대한 연구},
	Volume = {창간호},
	Year = {1991}}

@book{Hangul92,
	Author = {{한글연구회}},
	Date-Added = {2007-08-04 15:22:30 +0900},
	Date-Modified = {2007-08-06 18:15:17 +0900},
	Edition = {1st},
	Publisher = {이사야 법조각},
	Title = {새 한글 맞춤법 및 용례집},
	Year = {1992}}

@misc{hangul88,
	Date-Added = {2007-08-04 15:21:31 +0900},
	Date-Modified = {2007-08-04 15:22:16 +0900},
	Howpublished = {문교부 고시 제 88-1 호},
	Title = {한글 맞춤법},
	Year = {1988}}

@article{LeeKH,
	Author = {{이기황}},
	Date-Added = {2007-08-04 15:15:19 +0900},
	Date-Modified = {2007-08-06 18:14:58 +0900},
	Journal = {The Asian Journal of {\TeX}},
	Number = {1},
	Pages = {31--43},
	Title = {Hangul-ucs를 이용한 옛한글 조판},
	Volume = {1},
	Year = {2007}}

@book{LeeJW91,
	Author = {{이종운}},
	Date-Added = {2007-08-04 15:15:17 +0900},
	Date-Modified = {2007-08-06 18:15:05 +0900},
	Edition = {1st},
	Publisher = {범우사, 서울},
	Title = {도서편집총람},
	Year = {1991}}

@manual{ChoiWH92,
	Author = {{최우형}},
	Date-Added = {2007-08-04 15:15:17 +0900},
	Date-Modified = {2007-08-04 15:19:04 +0900},
	Title = {hlatex 가이드},
	Year = {1992}}

@book{Choi99,
	Author = {{최현배}},
	Date-Added = {2007-08-04 15:15:14 +0900},
	Date-Modified = {2007-08-06 18:15:26 +0900},
	Edition = {18th},
	Publisher = {정음문화사},
	Title = {우리말본},
	Year = {1999}}

@manual{hlguide,
	Author = {{은광희}},
	Date-Added = {2007-08-04 15:13:52 +0900},
	Date-Modified = {2007-08-04 19:25:21 +0900},
	Organization = {KTUG},
	Title = {{한글 라텍 길잡이}},
	Url = {http://project.ktug.or.kr/hlatex},
	Year = {2005}}

@unpublished{yeonam,
	Author = {{박지원}},
	Booktitle = {열하일기},
	Date-Added = {2007-08-04 15:10:51 +0900},
	Date-Modified = {2007-08-06 18:03:03 +0900},
	Title = {하룻밤에 아홉 번 물을 건너다},
	Year = {1780}}

@article{dohyun,
	Author = {{김도현}},
	Date-Added = {2007-08-04 15:09:32 +0900},
	Date-Modified = {2007-08-06 18:00:47 +0900},
	Journal = {The Asian Journal of {\TeX}},
	Number = {1},
	Pages = {45--56},
	Title = {폰트의 저작권이 {\TeX} 출력물에 미치는 영향},
	Volume = {1},
	Year = {2007}}

@manual{karnes2005,
	Author = {{김강수}},
	Date-Added = {2007-08-04 15:09:30 +0900},
	Date-Modified = {2007-08-04 19:26:12 +0900},
	Organization = {KTUG},
	Title = {{\LaTeX}에서 한글 유니코드 문서 작성하기},
	Url = {http://faq.ktug.or.kr/faq/Hangul-ucs},
	Year = {2007}}

@manual{memman,
	Author = {Peter Wilson},
	Date-Added = {2007-08-04 15:08:10 +0900},
	Date-Modified = {2007-08-04 15:09:20 +0900},
	Title = {The Memoir Manual},
	Url = {http://ftp.ktug.or.kr/tex-archive/macros/latex/contrib/memoir},
	Year = {2006}}

@article{dhhangul,
	Author = {{김도현}},
	Date-Added = {2007-08-04 15:04:51 +0900},
	Date-Modified = {2007-08-04 15:56:29 +0900},
	Journal = {KTUG 뉴스 레터},
	Number = {1},
	Pages = {2--15},
	Title = {Omega({$\Omega$})를 이용한 한글 문서 조판 --- DHHangul을 중심으로},
	Url = {http://faq.ktug.or.kr/faq/KTUGNewsletter},
	Volume = {1},
	Year = {2004}}

@article{karnes2007,
	Author = {{김강수}},
	Date-Added = {2007-08-04 15:01:19 +0900},
	Date-Modified = {2007-08-06 18:00:28 +0900},
	Journal = {The Asian Journal of {\TeX}},
	Number = {1},
	Pages = {17--30},
	Title = {한글 문장부호의 조판 관행에 대하여},
	Volume = {1},
	Year = {2007}}

@manual{karnes2007b,
	Author = {{김강수} and {주철}},
	Date-Added = {2007-08-04 15:01:16 +0900},
	Date-Modified = {2007-08-04 15:07:42 +0900},
	Organization = {KTUG},
	Title = {한글 {\LaTeX}에서 트루타입 폰트 사용하기},
	Url = {http://faq.ktug.or.kr/faq/KTUGDocumentationProject},
	Year = {2004:2007}}

@manual{karnes2004,
	Author = {{김강수}},
	Date-Added = {2007-08-04 14:58:38 +0900},
	Date-Modified = {2007-08-04 19:25:46 +0900},
	Organization = {KTUG},
	Title = {hangul-k 사용자 안내서},
	Url = {http://faq.ktug.or.kr/faq/HANGULkStyle},
	Year = {2004}}
